@book{goossens97,
   author = "Goossens, Michel and Rahtz, Sebastian and
             Mittelbach, Frank",
   title = "The \LaTeX\ graphics companion: illustrating
            documents with \TeX\ and {PostScript}",
   publisher = "Addison Wesley Longman, Inc",
   year = 1997
}

@inproceedings{talbot97,
   author    = "Talbot, Nicola L. C. and Cawley, Gavin C.",
   title     = "A fast index assignment algorithm for
                robust vector quantisation of image data",
   booktitle = "Proceedings of the I.E.E.E. International
                Conference on Image Processing",
   address   = "Santa Barbara, California, USA",
   month     = oct,
   year      = 1997
}

@article{cawley96,
   author    = "Cawley, Gavin C. and Talbot, Nicola L. C.",
   title     = "A fast index assignment algorithm for vector
                quantization over noisy transmission channels",
   journal   = "I.E.E. Electronic Letters",
   number    = 15,
   volume    = 32,
   pages     = "1343--1344",
   month     = jul,
   year      = 1996
}

@incollection{wainwright93,
   author    = "Wainwright, Robert B.",
   title     = "Hazards from {Northern} Native Foods",
   booktitle = "\emph{Clostridium botulinum}: Ecology and
                Control in Foods",
   chapter   = 12,
   pages     = "305--322",
   editor    = "Hauschild, Andreas H. W. and Dodds,
                Karen L.",
   publisher = "Marcel Dekker, Inc",
   year      = 1993
}
