% This file was created with JabRef 2.8.
% Encoding: UTF8

@ARTICLE{Cawley2008,
  author = {Gavin C. Cawley and Nicola L. C. Talbot},
  title = {Efficient approximate leave-one-out cross-validation for kernel logistic
	regression},
  journal = {Machine Learning},
  volume = {71},
  pages = {243--264},
  number = {2--3},
  date = {2008-06},
  doi = {10.1007/s10994-008-5055-9},
  journaltitle = {Machine Learning},
  owner = {ezn06edu},
  timestamp = {2012.10.03}
}

@INPROCEEDINGS{Cawley2007,
  author = {Gavin C. Cawley and Nicola L. C. Talbot and Mark Girolami},
  title = {Sparse multinomial logistic regression via {Bayesian} {L1} regularisation},
  booktitle = {Advances in Neural Information Processing Systems 19},
  year = {2007},
  editor = {Bernhard Sch√∂lkopf and John Platt and Thomas Hofmann},
  pages = {209--216},
  address = {Cambridge MA USA},
  publisher = {MIT Press},
  owner = {ezn06edu},
  timestamp = {2012.10.03}
}

@BOOK{goossens97,
  title = {The \LaTeX\ graphics companion: illustrating documents with \TeX\
	and {PostScript}},
  publisher = {Addison Wesley Longman, Inc},
  year = {1997},
  author = {Goossens, Michel and Rahtz, Sebastian and Mittelbach, Frank}
}

@BOOK{turabian96,
  title = {A manual for writers of term papers, theses, and dissertations.},
  publisher = {The University of Chicago Press},
  year = {1996},
  author = {Kate L. Turabian},
  edition = {sixth},
  owner = {ezn06edu},
  timestamp = {2012.10.03}
}

@comment{jabref-meta: selector_review:}

@comment{jabref-meta: selector_publisher:}

@comment{jabref-meta: selector_author:}

@comment{jabref-meta: selector_journal:}

@comment{jabref-meta: selector_keywords:}

